<record><leader>00000cas a22000007a 4500</leader><controlfield tag="001">9479365</controlfield><controlfield tag="008">830504d19061928ohuwr ne      0    0rum d</controlfield><controlfield tag="009">540</controlfield><datafield ind1=" " ind2=" " tag="010"><subfield code="a">sn 83045482 </subfield></datafield><datafield ind1=" " ind2=" " tag="040"><subfield code="a">CRL</subfield><subfield code="b">eng</subfield><subfield code="c">CRL</subfield><subfield code="d">NPW</subfield><subfield code="d">NPY</subfield><subfield code="d">DLC</subfield><subfield code="d">ONP</subfield><subfield code="d">OCL</subfield><subfield code="d">CRL</subfield><subfield code="d">OCLCQ</subfield><subfield code="d">OCLCF</subfield><subfield code="d">OCLCO</subfield><subfield code="d">OCLCA</subfield></datafield><datafield ind1="1" ind2=" " tag="029"><subfield code="a">AU@</subfield><subfield code="b">000025814509</subfield></datafield><datafield ind1=" " ind2=" " tag="042"><subfield code="a">msc</subfield></datafield><datafield ind1=" " ind2=" " tag="043"><subfield code="a">n-us---</subfield><subfield code="a">n-us-oh</subfield><subfield code="a">n-cn---</subfield></datafield><datafield ind1="0" ind2="0" tag="245"><subfield code="a">Roma&#770;nul =</subfield><subfield code="b">The Roumanian.</subfield></datafield><datafield ind1="3" ind2="1" tag="246"><subfield code="a">Roumanian</subfield></datafield><datafield ind1="1" ind2=" " tag="246"><subfield code="i">Issues for &lt;June 10, 1923-Apr. 15, 1928&gt; have English title:</subfield><subfield code="a">Roumanian news</subfield></datafield><datafield ind1=" " ind2=" " tag="260"><subfield code="a">Cleveland, [Ohio] :</subfield><subfield code="b">Epaminonda Lucaciu,</subfield><subfield code="c">1906-</subfield></datafield><datafield ind1=" " ind2=" " tag="300"><subfield code="a">v. :</subfield><subfield code="b">ill.</subfield></datafield><datafield ind1=" " ind2=" " tag="310"><subfield code="a">Weekly,</subfield><subfield code="b">&lt;June 10, 1923-Apr. 15, 1928&gt;</subfield></datafield><datafield ind1=" " ind2=" " tag="321"><subfield code="a">Weekly,</subfield><subfield code="b">Jan. 4, 1906-Aug. 18, 1914</subfield></datafield><datafield ind1=" " ind2=" " tag="321"><subfield code="a">Daily,</subfield><subfield code="b">Sept. 1, 1915-Nov. 27, 1917</subfield></datafield><datafield ind1=" " ind2=" " tag="321"><subfield code="a">Weekly,</subfield><subfield code="b">Nov. 29, 1917-May 12, 1918</subfield></datafield><datafield ind1=" " ind2=" " tag="321"><subfield code="a">Semiweekly,</subfield><subfield code="b">May 19, 1918-&lt;Apr. 4, 1923&gt;</subfield></datafield><datafield ind1="0" ind2=" " tag="362"><subfield code="a">Anul 1, no. 1, (Jan. 4, 1906)-</subfield></datafield><datafield ind1="1" ind2=" " tag="362"><subfield code="a">Ceased in Apr. 1928.</subfield></datafield><datafield ind1=" " ind2=" " tag="500"><subfield code="a">"Organ al Roma&#770;nilor din America de Nord."</subfield></datafield><datafield ind1=" " ind2=" " tag="500"><subfield code="a">Published in Youngstown, Ohio, Feb. 23, 1919-Apr. 8, 1928.</subfield></datafield><datafield ind1=" " ind2=" " tag="500"><subfield code="a">Publisher varies.</subfield></datafield><datafield ind1=" " ind2=" " tag="500"><subfield code="a">Editors: Epaminonda Lucaciu, 1906; Nicolae Barbul, 1906-1907, 1911-1912; Gavril Barbul, 1907-1909, 1912; V.E. Moldovan, 1909-1911; Dionisie Moldovan, 1912-1916; I.N. Barbu, 1916-1922.</subfield></datafield><datafield ind1=" " ind2=" " tag="515"><subfield code="a">Numbering irregular.</subfield></datafield><datafield ind1=" " ind2=" " tag="525"><subfield code="a">Some issues accompanied by supplements.</subfield></datafield><datafield ind1=" " ind2=" " tag="530"><subfield code="a">Also available on microfilm from Center for Research Libraries.</subfield></datafield><datafield ind1=" " ind2=" " tag="546"><subfield code="a">In Romanian.</subfield></datafield><datafield ind1=" " ind2=" " tag="550"><subfield code="a">Organ of: Asociat&#806;iunea "Liga s&#806;i Ajutorul", July 31, 1918-July 22, 1923; Asociat&#806;iunea "Liga s&#806;i Ajutorul" and Asociat&#806;iunea Societa&#774;t&#806;ilor Romi&#770;ne din America, July 29-Sept. 16, 1923; Asociat&#806;iunea "Liga s&#806;i Ajutorul", Asociat&#806;iunea Societa&#774;t&#806;ilor Romi&#770;ne din America and Association of Roumanian Cultural Societies of America, Sept. 23, 1923-Oct. 14, 1923; Asociat&#806;iunea "Liga s&#806;i Ajutorul" and Association of Roumanian Cultural Societies of America, Oct. 21-Nov. 2, 1924; Association of Roumanian Cultural Societies of America, Nov. 9, 1924-May 3, 1925; Liga Societa&#774;t&#806;ilor Roma&#770;ne Americane, May 10, 1925-Apr. 8, 1928.</subfield></datafield><datafield ind1=" " ind2=" " tag="580"><subfield code="a">Absorbed by: America (Cleveland, Ohio : 1905) in Apr. 1928; published as weekly suppl. thereafter. Cf. The immigrant labor press in North America, 1840s-1970s.</subfield></datafield><datafield ind1=" " ind2="0" tag="650"><subfield code="a">Romanians</subfield><subfield code="z">United States</subfield><subfield code="v">Newspapers.</subfield></datafield><datafield ind1=" " ind2="0" tag="650"><subfield code="a">Romanians</subfield><subfield code="z">Canada</subfield><subfield code="v">Newspapers.</subfield></datafield><datafield ind1=" " ind2="0" tag="650"><subfield code="a">Romanian Americans</subfield><subfield code="v">Newspapers.</subfield></datafield><datafield ind1="2" ind2="0" tag="610"><subfield code="a">Catholic Church</subfield><subfield code="z">United States</subfield><subfield code="v">Newspapers.</subfield></datafield><datafield ind1=" " ind2="0" tag="651"><subfield code="a">Cleveland (Ohio)</subfield><subfield code="v">Newspapers.</subfield></datafield><datafield ind1=" " ind2="0" tag="651"><subfield code="a">Youngstown (Ohio)</subfield><subfield code="v">Newspapers.</subfield></datafield><datafield ind1=" " ind2="7" tag="655"><subfield code="a">Newspapers.</subfield><subfield code="2">fast</subfield><subfield code="0">(OCoLC)fst01423814</subfield></datafield><datafield ind1="2" ind2="7" tag="610"><subfield code="a">Catholic Church.</subfield><subfield code="2">fast</subfield><subfield code="0">(OCoLC)fst00531720</subfield></datafield><datafield ind1=" " ind2="7" tag="650"><subfield code="a">Romanian Americans.</subfield><subfield code="2">fast</subfield><subfield code="0">(OCoLC)fst01099946</subfield></datafield><datafield ind1=" " ind2="7" tag="650"><subfield code="a">Romanians.</subfield><subfield code="2">fast</subfield><subfield code="0">(OCoLC)fst01100068</subfield></datafield><datafield ind1=" " ind2="7" tag="651"><subfield code="a">Canada.</subfield><subfield code="2">fast</subfield><subfield code="0">(OCoLC)fst01204310</subfield></datafield><datafield ind1=" " ind2="7" tag="651"><subfield code="a">Ohio</subfield><subfield code="z">Cleveland.</subfield><subfield code="2">fast</subfield><subfield code="0">(OCoLC)fst01205966</subfield></datafield><datafield ind1=" " ind2="7" tag="651"><subfield code="a">Ohio</subfield><subfield code="z">Youngstown.</subfield><subfield code="2">fast</subfield><subfield code="0">(OCoLC)fst01213545</subfield></datafield><datafield ind1=" " ind2="7" tag="651"><subfield code="a">United States.</subfield><subfield code="2">fast</subfield><subfield code="0">(OCoLC)fst01204155</subfield></datafield><datafield ind1="1" ind2=" " tag="700"><subfield code="a">Lucaciu, Epaminonda.</subfield></datafield><datafield ind1="1" ind2=" " tag="700"><subfield code="a">Barbul, Nicolae.</subfield></datafield><datafield ind1="1" ind2=" " tag="700"><subfield code="a">Barbul, Gavril.</subfield></datafield><datafield ind1="1" ind2=" " tag="700"><subfield code="a">Moldovan, V. E.</subfield></datafield><datafield ind1="1" ind2=" " tag="700"><subfield code="a">Moldovan, Dionisie.</subfield></datafield><datafield ind1="1" ind2=" " tag="700"><subfield code="a">Barbu, I. N.</subfield></datafield><datafield ind1="2" ind2=" " tag="710"><subfield code="a">Asociat&#806;iunea "Liga s&#806;i Ajutorul" (U.S.)</subfield></datafield><datafield ind1="2" ind2=" " tag="710"><subfield code="a">Asociat&#806;iunea Societa&#774;t&#806;ilor Romi&#770;ne din America.</subfield></datafield><datafield ind1="2" ind2=" " tag="710"><subfield code="a">Association of Roumanian Cultural Societies of America.</subfield></datafield><datafield ind1="2" ind2=" " tag="710"><subfield code="a">Liga Societa&#774;t&#806;ilor Roma&#770;ne Americane.</subfield></datafield><datafield ind1=" " ind2=" " tag="752"><subfield code="a">United States</subfield><subfield code="b">Ohio</subfield><subfield code="c">Cuyahoga</subfield><subfield code="d">Cleveland.</subfield></datafield><datafield ind1=" " ind2=" " tag="752"><subfield code="a">United States</subfield><subfield code="b">Ohio</subfield><subfield code="c">Mahoning</subfield><subfield code="d">Youngstown.</subfield></datafield><datafield ind1="1" ind2="4" tag="785"><subfield code="t">America (Cleveland, Ohio : 1905)</subfield><subfield code="w">(DLC)sn 83035644</subfield><subfield code="w">(OCoLC)10208533</subfield></datafield><datafield ind1=" " ind2=" " tag="936"><subfield code="a">Anul 26, no. 16 (15 aprilie 1928) LIC</subfield></datafield></record>